@inproceedings{tilak-05,
author="S. Tilak and K. Chiu and N. Abu-Ghazaleh and T. Fountain", 
title="Dynamic Resource Discovery for Wireless Sensor Networks",
booktitle="IFIP International Symposium on Network-Centric Ubiquitous Systems",
year= 2005
}

@inproceedings{bhatta-1943,
author="A. Bhattacharyya",
title="On a Measure of Divergence Between Two Statistical Populations Defined by their Probability Distributions", 
booktitle="Bull. Calcutta Math. Soc.",
volume= 35,
year=1943
}

@inproceedings{langley-99,
author="Langley, P. and Iba, W. and Thomson, K.",
title="An analysis of Bayesian classifiers",
booktitle="Proceeding of National Conference on Artificial Intelligence",
year=1992
}

@inproceedings{golub-99,
author="T. Golub and  et al.", 
title="Molecular Classification of Cancer: Class Discovery and Class Prediction by Gene Exp
ression Monitoring",
booktitle="Science", 
year=1999
}

@inproceedings{cristianini-00,
author="N. Cristianini and J. Shawe-Taylor", 
title="An Introduction to Support Vector Machines and Other Kernel-Based Learning Methods", booktitle="Cambridge University Press", 
year=2000
}

@inproceedings{chatfield-04,
author="Chatfield, Chris",
title="The Analysis of Time Series: An Introduction", 
year=2004
}

@inproceedings{grant-1988,
author="Grant, Eugene L. ",
title="Statistical Quality Control",
booktitle="McGraw-Hill", 
year=1988
}

@inproceedings{hu,
author="Wenjie Hu and Yihua Liao and V. Rao Vemuri",
title="Robust Anomaly Detection Using Support Vector Machines"
}

@inproceedings{cotofona-06,
author="N. Cotofana and L. Ding and P. Shin and S. Tilak and T. Fountain and J. Eakins and F. Vernon",
title="An SOA-based Framework for Instrument Management for Large-scale Observing Systems (USArray Case Study)",
booktitle="ICWS",
year=2006
}

@inproceedings{bulut-04,
author="A. Bulut and A. Singh and P. Shin and T. Fountain and H. Jasso and L. Yan and A. Elgamal ",
title="Real-Time Nondestructive Structural Health Monitoring Using Support Vector Machines and Wavelets",
booktitle="12th The International Society of Optical Engineering Annual International Symposium, Smart Structures/NDE",
year=2004
}

@inproceedings{liu-06,
author="Fang Liu, Plamen K. Nikolov, Sule Ozev", 
title="Parametric Fault Diagnosis for Analog Circuits Using a Bayesian Framework",
booktitle="24th IEEE VLSI Test Symposium", 
year=2006
}

@inproceedings{wong-03,
author="W. Wong and A. Moore and  G. Cooper and M. Wagner",
title="Bayesian network anomaly pattern detection for disease outbreaks",
booktitle="In Proceedings of the 20th International Conference on Machine Learning",
 year=2003
 }

@inproceedings{pennington-04,
author="D. Pennington and  H. Jasso and P. Shin and T. Fountain",
title="The effect of landscape heterogeneity on classification accuracy: a comparison of classifier prediction in sub-optimal sampling conditions",
booktitle="in the Seventh Workshop on Mining Scientific and Engineering Datasets,  SIAM International Conference on Data Mining",
year= 2004
}

@inproceedings{jasso-04,
author="H. Jasso and  P. Shin and T. Fountain and D. Pennington",
title="Using wavelets for the classification of hyperspectral images",
booktitle="Fourth European Conference on Ecological Modelling and Fourth International Workshop on Environmental Applications of Machine Learning",  
year=2004
} 

@inproceedings{mini-05,
author="R.  Mini et al",
title="Prediction based Energy Map for Wireless Sensor Networks", 
booktitle="Ad Hoc Networks Journal",
year=2005
}

author="Paul Hubbard and Jason Hanley and Terry Weymouth and Matthew Miller", 

@misc{hubbard-05,
author="Paul Hubbard et al.", 
title="Using a network ring buffer for science and outreach",
booktitle="Technical report",
note="http://www.phfactor.net/sc05/",
year= 2005
}

@misc{msdn,
note="http://msdn2.microsoft.com/en-us/library/ms172504.aspx"
}
MSDN Link

@misc{khronos,
note="http://www.khronos.org/opengles"
}

@misc{sdsc,
title="San Diego Supercomputer Center (SDSC)",
note="www.sdsc.edu"
}

@misc{nokia,
note="http://www.nokia.com/nseries/index.html?loc=inside,main_n93"
}

@misc{Creare, 
title="Creare Incorporated", 
url="http://rbnb.creare.com/rbnb/WP/WebWP/rbnbwp.html"
}

@misc{NRC01,
title="National Research Council (NRC) ÒGrand Challenges in the Environmental Sciences",
booktitle="National Academy Press", 
year=2001
}

@misc{NRC06,
title="Committee on the Collaborative Large-scale Engineering Analysis Network
for Environmental Research (CLEANER), Cleaner and NSFÕs Environmental Observatories",
booktitle="National Research Council of the National Academies, The National Academies Press",
year= 2006
}

@misc{NEON03, 
title="Committee on the National Ecological Observatory Network, ÒNeon: Addressing the Nation's Environmental Challenges",
booktitle="National Research Council, National Academies Press", 
year=2003
}

@misc{Arzberger04, 
author="Peter Arzberger", 
title="Sensors for environmental observatories: Report of the NSF sponsored workshop",
booktitle="World Technology Evaluation Center",  
year=2004
}

@misc{earthscope,
title="The EarthScope Project",
note="http://earthscope.org"
}

@misc{NEON,
title="The National Ecological Observatory Network",
note="http://www.neoninc.org"
}

@misc{ORION,
title="The Ocean Research Interactive Observatory Network",
note="http://www.orionprogram.org"
}

@misc{ntl,
title="The North Temperate Lakes Long Term Ecological Research program",
note="http://lter.limnology.wisc.edu/"
}

@misc{ti,
note="http://focus.ti.com/pdfs/wtbu/TI\_omap2420.pdf"
}

@misc{lter,
title="The Long Term Ecological Research (LTER) Network",
note="http://www.lternet.edu/"
}

@misc{LEAD,
title="LEAD: The Linked Environments for Atmospheric Discovery", 
note="https://portal.leadproject.org/gridsphere/gridsphere"
}

@misc{GLEON,
title="The Global Lake Ecological Observatory Network (GLEON)",
note="www.gleon.org"
}

@misc{CREON,
title="CREON: The Coral Reef Environmental Observatory Network", 
note="http://www.coralreefeon.org/"
}

@misc{GEON,
title="GEON: The Geosciences Network", 
note="http://www.geongrid.org/"
}

@misc{MESONET,
title="Oklahoma Mesonet project",
note="http://www.mesonet.ou.edu/"
}


@misc{USArray,
title="USArray Project", 
note="http://earthscope.org/usarray/"
}

@misc{CAMERA,
title="CAMERA: The Community Cyberinfrastructure for Advanced Marine Microbial Ecology Research and Analysis", 
note="http://camera.calit2.net/"
}

@misc{NEES,
title="NEES: The Network for Earthquake Engineering and Simulation", 
note="http://www.nees.org"
}

@misc{NASA-NAMMA,
title="NAMMA: The NASA African Monsoon Multidisciplinary Analyses program", 
note="http://namma.msfc.nasa.gov/"
}


@misc{MSMQ,
title="Microsoft Message Queuing (MSMQ) technology", 
note="http://msdn2.microsoft.com/en-us/library/ms701784.aspx"
}

@misc{MQ,
title="IBM WebSphere MQ", 
note="http://www.devx.com/ibm/Article/31997"
}

note="http://www.ibm.com/software/mqseries/"

@misc{CORBA,
title="CORBA", 
note="http://www.corba.org/"
}

@misc{BRTT,
title="BRTT Antelope Real-Time System",
note="http://www.brtt.com/"
}

@misc{liu-03,
author="Y. Liu and B. Plale", 
title="Survey of publish-subscribe event systems",
booktitle="Technical Report TR574, Indiana University", 
month="May",
year=2003
}

@misc{JMS,
title="JSR 914: Java Message Service (JMS) API", 
note="http://jcp.org/en/jsr/details?id\=914"
} 

@misc{EMS, 
title="Enterprise messaging systems", 
note="http://en.wikipedia.org/wiki/Enterprise\_Messaging\_System"
}

@misc{OGC,
title="Open Geospatial Consortium", 
note="http://www.opengeospatial.org/"
}

@misc{SML,
title="SensorML", 
note="http://vast.nsstc.uah.edu/SensorML/"
}

@misc{TML,
title="Transducer Markup Language", 
note="http://www.ogcnetwork.net/?q=node/105"
}


@inproceedings{Pallickara03,
author="Shrideep Pallickara and Geoffrey Fox", 
title="NaradaBrokering: A Middleware Framework and Architecture for Enabling Durable Peer-to-Peer Grids",
booktitle="Proceedings of ACM/IFIP/USENIX International Middleware Conference on Middleware", 
ISBN="3-540-40317-5",
year=2003
}

@book{Chappell04,
author="David A. Chappell", 
title="Enterprise Service Bus",
booktitle="O'Reilly Media",
year= 2004, 
ISBN="13: 9780596006754"
}

@misc{wallance,
author="J. W. Wallace and  J. P. Stewart and  E. Taciroglu and D. H. Whang", 
title="Field Vibration Testing and Analytical Studies of a Four-Story RC building", 
note="http://nees.ucla.edu/fourseasons.htm"
}

@misc{gumstix,
title="Gumstix",
note="http://gumstix.com/"
}

@misc{nokia-n80,
title="Nokia N80 cell phone",
note="http://www.nokiausa.com/phones/N80"
}

@misc{campbell, 
title="Campbell Scientific Inc.",
note="http://www.campbellsci.com/index.cfm"
}

@misc{ni,
title="National Instruments",
note="www.ni.com/"
}

@article{elson-02,
 author = {Jeremy Elson and Lewis Girod and Deborah Estrin},
 title = {Fine-grained network time synchronization using reference broadcasts},
 journal = {SIGOPS Oper. Syst. Rev.},
 volume = {36},
 number = {SI},
 year = {2002},
 issn = {0163-5980},
 pages = {147--163},
 doi = {http://doi.acm.org/10.1145/844128.844143},
 publisher = {ACM Press},
 address = {New York, NY, USA},
 }
 
 @techreport{elson-report-02,
  author = "J. Elson el al.",
  title = "Wireless sensor networks: A new regime for time synchronization",
  institution = "UCLA",
  month = "July",
  url = "citeseer.ist.psu.edu/elson02wireless.html",
  year = "2002" 
  }
  
  @misc{karp-03,
  author = "Richard Karp Jeremy",
  title = "Global Synchronization in Sensornets",
  url = "citeseer.ist.psu.edu/764199.html" }
  
 @misc{sichitiu03,
  author = "M. Sichitiu and C. Veerarittiphan",
  title = "Simple, Accurate Time Synchronization for Wireless Sensor Networks",
  text = "M. L. Sichitiu and C. Veerarittiphan: Simple, Accurate Time Synchronization
    for Wireless Sensor Networks , Proc. of the IEEE Wireless Communications
    and Networking Conference (WCNC 2003.",
  year = "2003",
  url = "citeseer.ist.psu.edu/sichitiu03simple.html" }
  
@article{lamport-78,
 author = {Leslie Lamport},
 title = {Time, clocks, and the ordering of events in a distributed system},
 journal = {Commun. ACM},
 volume = {21},
 number = {7},
 year = {1978},
 issn = {0001-0782},
 pages = {558--565},
 doi = {http://doi.acm.org/10.1145/359545.359563},
 publisher = {ACM Press},
 address = {New York, NY, USA},
 }
 
 @article{lamport-85,
 author = {Leslie Lamport and P. M. Melliar-Smith},
 title = {Synchronizing clocks in the presence of faults},
 journal = {J. ACM},
 volume = {32},
 number = {1},
 year = {1985},
 issn = {0004-5411},
 pages = {52--78},
 doi = {http://doi.acm.org/10.1145/2455.2457},
 publisher = {ACM Press},
 address = {New York, NY, USA},
 }
 
 @misc{mills-85,
    author = "Dave L. Mills",
    title = "Network Time Protocol ({NTP})",
    howpublished = "{Network Working Group Request for Comments: 958}",
    pages = "1--14",
    year = "1985",
    url = "citeseer.ist.psu.edu/mills85network.html" }
    

 @incollection{mills94,
    author = "David L. Mills",
    title = "Internet Time Synchronization: The Network Time Protocol",
    booktitle = "Zhonghua Yang and T. Anthony Marsland (Eds.), Global States and Time in Distributed Systems, {IEEE} Computer Society Press",
    year = "1994",
    url = "citeseer.ist.psu.edu/mills91internet.html" 
    }
    
 @phdthesis{marzullo-84,
 author = {Keith Ansel Marzullo},
 title = {Maintaining the time in a distributed system: an example of a loosely-coupled distributed service (synchronization, fault-tolerance, debugging)},
 year = {1984},
 order_no = {AAI8506272}},
 }

@inproceedings{bhatia-05,
author="Karan Bhatia and Kurt Mueller and  Sandeep Chandra", 
title="GAMA: Grid Account Management Architecture",
booktitle="IEEE International Conference on EScience and Grid Computing",
year=2005
}

 @misc{GridAuth,
 title="GridAuth session management system",
 note="http://www.gridauth.com/"
 }
 
 @misc{Shibboleth,
 title="Shibboleth open source middleware", 
 note="http://shibboleth.internet2.edu/"
 }
 

@inproceedings{elnashai-04,
author="Elnashai A.S. and  Spencer, B.F. and Kuchma, D. and Ghaboussi, J. and  Hashash, Y. and Quan, G.",
title="Multi-Axial Full-Scale Sub-Structured Testing and Simulation (MUST-SIM) Facility at the University of Illinois at Urbana-Champaign", 
booktitle="Proceedings of the 13th World Conference on Earthquake Engineering",
year=2004
}

@misc{french-02,
uthor="French, C. W. and Schultz, A. E. and Hajjar, J. F. and Shield, C. K. and Ernie, D. W. and Dexter, R. J., Du. and D. H.-C. and Bergson, P. M.",
title="A System for Multi-Axial Subassemblage Testing (MAST): Design Concepts and Capabilities", 
booktitle="Proceedings of the Seventh National Conference on Earthquake Engineering",
year=2002
}

@misc{sun-T2000,
title="Sun Fire T2000 Server",
note="http://www.sun.com/servers/coolthreads/t2000/"
}

@misc{chandrasekaran02streaming,
  author = "S. Chandrasekaran and M. Franklin",
  title = "Streaming Queries over Streaming Data",
  text = "S. Chandrasekaran and M. J. Franklin. Streaming Queries over Streaming
    Data. In VLDB, 2002.",
  year = "2002",
  url = "citeseer.ist.psu.edu/chandrasekaran02streaming.html" 
  }
 
 @inproceedings{chen00niagaracq,
    author = "Jianjun Chen and David J. DeWitt and Feng Tian and Yuan Wang",
    title = "{NiagaraCQ}: a scalable continuous query system for {Internet} databases",
    pages = "379--390",
    year = "2000",
    url = "citeseer.ist.psu.edu/chen00niagaracq.html" 
}

@misc{abadi03aurora,
  author = "D. Abadi and D. Camey and U. Cetintemel and M. Chemiack and C. Convey and
    S. Lee and M. Stonebraker and N. Tatbul and S. Zdonik",
  title = "Aurora: A New Model and Architecture for Data Stream Management",
  text = "D. Abadi, D. Camey, U. Cetintemel, M. Chemiack, C. Convey, S. Lee, M. Stonebraker,
    N. Tatbul, and S. Zdonik. Aurora: A New Model and Architecture for Data
    Stream Management. in VLDB Journal, 2003 (to appear).",
  year = "2003",
  url = "citeseer.ist.psu.edu/abadi03aurora.html" 
  }
  
 @misc{chandrasekaran03telegraphcq,
  author = "S. Chandrasekaran",
  title = "TelegraphCQ: Continuous Dataflow Processing for an Uncertain World",
  text = "S. Chandrasekaran et al. TelegraphCQ: Continuous Dataflow Processing for
    an Uncertain World. CIDR, 2003.",
  year = "2003",
  url = "citeseer.ist.psu.edu/chandrasekaran03telegraphcq.html" 
  }
  
@inproceedings{babcock-02,
 author = {Brian Babcock and Shivnath Babu and Mayur Datar and Rajeev Motwani and Jennifer Widom},
 title = {Models and issues in data stream systems},
 booktitle = {PODS '02: Proceedings of the twenty-first ACM SIGMOD-SIGACT-SIGART symposium on Principles of database systems},
 year = {2002},
 isbn = {1-58113-507-6},
 pages = {1--16},
 location = {Madison, Wisconsin},
 doi = {http://doi.acm.org/10.1145/543613.543615},
 publisher = {ACM Press},
 address = {New York, NY, USA},
 }
 
 @misc{madden02tag,
  author = "S. Madden and M. Franklin and J. Hellerstein and W. Hong",
  title = "TAG: a Tiny Aggregation Service for Ad-Hoc Sensor Networks",
  text = "Sam Madden, Michael J. Franklin, Joseph Hellerstein, and Wei Hong, TAG:
    a Tiny Aggregation Service for Ad-Hoc Sensor Networks, submitted for review,
    May 2002.",
  year = "2002",
  url = "citeseer.ist.psu.edu/madden02tag.html" 
  }
  
 
@misc{Apache2.0,
title="Apache License Version 2.0", 
note="http://www.opensource.org/licenses/apache2.0.php", 
month="January",
year=2004
}

@misc{kratz-03,
author="Kratz, T.K. and L. A. Deegan and  M. E. Harmon and W. K. Lauenroth",
title="Ecological variability in space and time: insights gained from the US LTER program",
booktitle="BioScience", 
year=2003
}

@misc{scheffer-01,
author="Scheffer, M. S. and S. R. Carpenter and J. A. Foley and C. Folke and B. Walker",
 title="Catastrophic shifts in ecosystems",
 booktitle="Nature",
 year=2001
} 

@misc{hamilton-97,
author="Hamilton, D. P. and S. G. Schladow",
booktitle="Prediction of water quality in lakes and reservoirs. Part I - Model description. Ecological Modelling",
year=1997
}

@misc{kepler,
title="Kepler Project",
note="http://kepler-project.org/"
}

@misc{tomcat-project,
title="Apache Tomcat",
note="http://tomcat.apache.org/"
}

@misc{mast,
title="MAST Laboratory",
note="http://nees.umn.edu/"
}

@misc{tcpwrappers,
title="TCP Wrapper: Network monitoring, access control, and booby traps",
author="Venema, W.",
url="www.vtcif.telstra.com.au/pub/docs/security/tcp_wrapper.txt"
}